@article{jelezko2004observation,
  title =        {Observation of coherent oscillations in a single
                  electron spin},
  author =       {Jelezko, Fedor and Gaebel, T and Popa, I and Gruber,
                  A and Wrachtrup, Jorg},
  journal =      {Physical Review Letters},
  volume =       {92},
  number =       {7},
  pages =        {076401},
  year =         {2004},
  publisher =    {APS}
}

@article{childress2006coherent,
  title =        {Coherent dynamics of coupled electron and nuclear
                  spin qubits in diamond},
  author =       {Childress, L and Dutt, M V Gurudev and Taylor, J M
                  and Zibrov, A S and Jelezko, F and Wrachtrup, J and
                  Hemmer, P R and Lukin, M D},
  journal =      {Science},
  volume =       {314},
  number =       {5797},
  pages =        {281--285},
  year =         {2006},
  publisher =    {American Association for the Advancement of Science}
}

@article{yao2012scalable,
  title =        {Scalable architecture for a room temperature
                  solid-state quantum information processor},
  author =       {Yao, Norman Y and Jiang, Liang and Gorshkov, Alexey
                  V and Maurer, Peter C and Giedke, Geza and Cirac, J
                  Ignacio and Lukin, Mikhail D},
  journal =      {Nature Communications},
  volume =       {3},
  pages =        {800},
  year =         {2012},
  publisher =    {Nature Publishing Group}
}

@article{neumann2010quantum,
  title =        {Quantum register based on coupled electron spins in
                  a room-temperature solid},
  author =       {P Neumann and R Kolesov and B Naydenov and J Beck
                  and F Rempp and M Steiner and V Jacques and G
                  Balasubramanian and M L Markham and D J Twitchen and
                  S Pezzagna and J Meijer and J Twamley and F Jelezko1
                  and J Wrachtrup},
  journal =      {Nature Physics},
  volume =       6,
  number =       4,
  pages =        {249--253},
  year =         2010,
  publisher =    {Nature Publishing Group}
}

@article{zu2014experimental,
  title =        {Experimental realization of universal geometric
                  quantum gates with solid-state spins},
  author =       {Zu, C and Wang, W-B and He, L and Zhang, W-G and
                  Dai, C-Y and Wang, F and Duan, L-M},
  journal =      {Nature},
  volume =       {514},
  number =       {7520},
  pages =        {72--75},
  year =         {2014},
  publisher =    {Nature Publishing Group}
}

@article{london2013detecting,
  title =        {Detecting and polarizing nuclear spins with double
                  resonance on a single electron spin},
  author =       {London, P and Scheuer, J and Cai, J-M and
                  Schwarz, I and Retzker, A and Plenio, M B and
                  Katagiri, M and Teraji, T and Koizumi, S and
                  Isoya, J and Fischer, R and McGuinness, L P and
                  Naydenov, B and Jelezko, F},
  journal =      {Physical Review Letters},
  volume =       {111},
  number =       {6},
  pages =        {067601},
  year =         {2013},
  publisher =    {APS}
}

@article{casanova2015robust,
  title =        {Robust Dynamical Decoupling Sequences for Individual
                  Nuclear Spin Addressing},
  author =       {Casanova, J and Haase, JF and Wang, Z-Y and Plenio,
                  MB},
  journal =      {arXiv preprint arXiv:1506.03766},
  year =         {2015}
}

@article{chou2015optimal,
  title =        {Optimal control of fast and high-fidelity quantum
                  gates with electron and nuclear spins of a
                  nitrogen-vacancy center in diamond},
  author =       {Chou, Yi and Huang, Shang-Yu and Goan, Hsi-Sheng},
  journal =      {Physical Review A},
  volume =       {91},
  number =       {5},
  pages =        {052315},
  year =         {2015},
  publisher =    {APS}
}

@article{fuchs2011quantum,
  title =        {A quantum memory intrinsic to single
                  nitrogen-vacancy centres in diamond},
  author =       {Fuchs, G D and Burkard, Guido and Klimov, P V and
                  Awschalom, D D},
  journal =      {Nature Physics},
  volume =       {7},
  number =       {10},
  pages =        {789--793},
  year =         {2011},
  publisher =    {Nature Publishing Group}
}

@article{monz201114,
  title =        {14-qubit entanglement: Creation and coherence},
  author =       {Monz, Thomas and Schindler, Philipp and Barreiro,
                  Julio T and Chwalla, Michael and Nigg, Daniel and
                  Coish, William A and Harlander, Maximilian and
                  H{\"a}nsel, Wolfgang and Hennrich, Markus and Blatt,
                  Rainer},
  journal =      {Physical Review Letters},
  volume =       {106},
  number =       {13},
  pages =        {130506},
  year =         {2011},
  publisher =    {APS}
}

@article{gao2010experimental,
  title =        {Experimental demonstration of a hyper-entangled
                  ten-qubit Schr{\"o}dinger cat state},
  author =       {Gao, Wei-Bo and Lu, Chao-Yang and Yao, Xing-Can and
                  Xu, Ping and G{\"u}hne, Otfried and Goebel,
                  Alexander and Chen, Yu-Ao and Peng, Cheng-Zhi and
                  Chen, Zeng-Bing and Pan, Jian-Wei},
  journal =      {Nature Physics},
  volume =       {6},
  number =       {5},
  pages =        {331--335},
  year =         {2010},
  publisher =    {Nature Publishing Group}
}

@article{feynman1982simulating,
  title =        {Simulating physics with computers},
  author =       {Feynman, Richard P},
  journal =      {International Journal of Theoretical Physics},
  volume =       {21},
  number =       {6/7},
  pages =        {467--488},
  year =         {1982},
  publisher =    {World Scientific}
}

@inproceedings{deutsch1985quantum,
  title =        {Quantum theory, the Church-Turing principle and the
                  universal quantum computer},
  author =       {Deutsch, David},
  booktitle =    {Proceedings of the Royal Society of London A:
                  Mathematical, Physical and Engineering Sciences},
  volume =       {400},
  number =       {1818},
  pages =        {97--117},
  year =         {1985},
  organization = {The Royal Society}
}

@article{hausmann2012integrated,
  title =        {Integrated diamond networks for quantum
                  nanophotonics},
  author =       {Birgit J M Hausmann and Brendan Shields and Qimin
                  Quan and Patrick Maletinsky and Murray McCutcheon
                  and Jennifer T Choy and Tom M Babinec and Alexander
                  Kubanek and Amir Yacoby and Mikhail D Lukin and
                  Marko Lon\u{c}ar},
  journal =      {Nano Letters},
  volume =       {12},
  number =       {3},
  pages =        {1578--1582},
  year =         {2012},
  publisher =    {ACS Publications}
}

@article{maletinsky2012robust,
  title =        {A robust scanning diamond sensor for nanoscale
                  imaging with single nitrogen-vacancy centres},
  author =       {Maletinsky, Patrick and Hong, Sungkun and Grinolds,
                  Michael Sean and Hausmann, B and Lukin, Mikhail D
                  and Walsworth, Ronald L and Loncar, Marko and
                  Yacoby, Amir},
  journal =      {Nature Nanotechnology},
  volume =       {7},
  number =       {5},
  pages =        {320--324},
  year =         {2012},
  publisher =    {Nature Publishing Group}
}

@article{weimer2013collectively,
  title =        {Collectively Enhanced Interactions in Solid-State
                  Spin Qubits},
  author =       {Weimer, Hendrik and Yao, Norman Y and Lukin, Mikhail
                  D},
  journal =      {Physical Review Letters},
  volume =       {110},
  number =       {6},
  pages =        {067601},
  year =         {2013},
  publisher =    {APS}
}

@article{bar2013solid,
  title =        {Solid-state electronic spin coherence time
                  approaching one second},
  author =       {Bar-Gill, Nir and Pham, Linh M and Jarmola, Andrejs
                  and Budker, Dmitry and Walsworth, Ronald L},
  journal =      {Nature Communications},
  volume =       {4},
  pages =        {1743},
  year =         {2013},
  publisher =    {Nature Publishing Group}
}

@article{maurer2012room,
  title =        {Room-temperature quantum bit memory exceeding one
                  second},
  author =       {P C Maurer and G Kucsko and C Latta and L Jiang
                  and NY Yao and S D Bennett and F Pastawski and
                  D Hunger and N Chisholm and M Markham and
                  D J Twitchen and J I Cirac and M D Lukin},
  journal =      {Science},
  volume =       336,
  number =       6086,
  pages =        {1283--1286},
  year =         2012,
  publisher =    {American Association for the Advancement of Science}
}

@article{childress2006fault,
  title =        {Fault-tolerant quantum communication based on
                  solid-state photon emitters},
  author =       {Childress, Lilian and Taylor, J M and S{\o}rensen,
                  Anders S{\o}ndberg and Lukin, M D},
  journal =      {Physical Review Letters},
  volume =       {96},
  number =       {7},
  pages =        {070504},
  year =         {2006},
  publisher =    {APS}
}

@article{bluhm2011dephasing,
  title =        {Dephasing time of GaAs electron-spin qubits coupled
                  to a nuclear bath exceeding 200 $\mu$s},
  author =       {Bluhm, Hendrik and Foletti, Sandra and Neder, Izhar
                  and Rudner, Mark and Mahalu, Diana and Umansky,
                  Vladimir and Yacoby, Amir},
  journal =      {Nature Physics},
  volume =       {7},
  number =       {2},
  pages =        {109--113},
  year =         {2011},
  publisher =    {Nature Publishing Group}
}

@article{maune2012coherent,
  title =        {Coherent singlet-triplet oscillations in a
                  silicon-based double quantum dot},
  author =       {BM Maune and MG Borselli and B Huang and TD Ladd and
                  PW Deelman and KS Holabird and AA Kiselev and I
                  Alvarado-Rodriguez and RS Ross and AE Schmitz and
                  M. Sokolich and CA Watson and MF Gyure and AT
                  Hunter},
  journal =      {Nature},
  volume =       {481},
  number =       {7381},
  pages =        {344--347},
  year =         {2012},
  publisher =    {Nature Publishing Group}
}

@article{dobrovitski2013quantum,
  title =        {Quantum control over single spins in diamond},
  author =       {Dobrovitski, VV and Fuchs, GD and Falk, AL and
                  Santori, C and Awschalom, DD},
  journal =      {Annu. Rev. Condens. Matter Phys.},
  volume =       {4},
  number =       {1},
  pages =        {23--50},
  year =         {2013},
  publisher =    {Annual Reviews}
}

@article{ryan2010robust,
  title =        {Robust decoupling techniques to extend quantum
                  coherence in diamond},
  author =       {Ryan, C and Hodges, J and Cory, D},
  year =         {2010},
  publisher =    {American Physical Society}
}

@article{mamin2013nanoscale,
  title =        {Nanoscale nuclear magnetic resonance with a
                  nitrogen-vacancy spin sensor},
  author =       {Mamin, HJ and Kim, M and Sherwood, MH and Rettner,
                  CT and Ohno, K and Awschalom, DD and Rugar, D},
  journal =      {Science},
  volume =       {339},
  number =       {6119},
  pages =        {557--560},
  year =         {2013},
  publisher =    {American Association for the Advancement of Science}
}

@article{steinert2010high,
  title =        {High sensitivity magnetic imaging using an array of
                  spins in diamond},
  author =       {Steinert, Steffen and Dolde, Florian and Neumann,
                  Philipp and Aird, Andrew and Naydenov, Boris and
                  Balasubramanian, Gopalakrishnan and Jelezko, Fedor
                  and Wrachtrup, Joerg},
  journal =      {Review of scientific instruments},
  volume =       {81},
  number =       {4},
  pages =        {043705},
  year =         {2010},
  publisher =    {AIP Publishing}
}

@article{wang2015positioning,
  title =        {Positioning Nuclear Spins in Interacting Clusters
                  for Quantum Technologies and Bio-imaging},
  author =       {Wang, Zhen-Yu and Haase, Jan F and Casanova, Jorge
                  and Plenio, Martin B},
  journal =      {arXiv preprint arXiv:1510.02811},
  year =         {2015}
}

@article{casanova2016noise,
  title =        {Noise-resilient Quantum Computing with a
                  Nitrogen-Vacancy Center and Nuclear Spins},
  author =       {Casanova, J and Wang, Z-Y and Plenio, MB},
  journal =      {arXiv preprint arXiv:1602.06862},
  year =         {2016}
}